@book{hopcroft2007introduccion,
    author    = {Hopcroft, J. E. and Motwani, R. and Ullman, J. D.},
    title     = {Introducción a la teoría de autómatas, lenguajes y computación},
    publisher = {PEARSON EDUCACIÓN S.A.},
    address   = {Madrid},
    year      = {2007},
    isbn      = {978-84-7829-088-8},
    note      = {Formato: 195 x 250 mm. Páginas: 452},
    keywords  = {Informática, 004.4}
}
